<?xml version="1.0" encoding="UTF-8"?>
<record xmlns="http://www.loc.gov/MARC21/slim" xmlns:xsi="http://www.w3.org/2001/XMLSchema-instance" xsi:schemaLocation="http://www.loc.gov/MARC21/slim http://www.loc.gov/standards/marcxml/schema/MARC21slim.xsd">
<leader>^^^^^npc^^22004214a^4500</leader>
<controlfield tag="001">004161866</controlfield>
<controlfield tag="005">20090417145039.0</controlfield>
<controlfield tag="006">m^^^^^^^^u^^^^^^^^</controlfield>
<controlfield tag="007">cr^c||||||||||</controlfield>
<controlfield tag="008">090417s2008^^^^ncu^^^^^s^^^^^^^^^^^eng^d</controlfield>
<datafield tag="035" ind1=" " ind2=" ">
<subfield code="a">318651333</subfield>
</datafield>
<datafield tag="040" ind1=" " ind2=" ">
<subfield code="a">NDD</subfield>
<subfield code="c">NDD</subfield>
</datafield>
<datafield tag="043" ind1=" " ind2=" ">
<subfield code="a">e-fr---</subfield>
</datafield>
<datafield tag="049" ind1=" " ind2=" ">
<subfield code="a">NDDP</subfield>
</datafield>
<datafield tag="100" ind1="0" ind2=" ">
<subfield code="a">Vica.</subfield>
</datafield>
<datafield tag="245" ind1="1" ind2="0">
<subfield code="a">Vica Nazi propaganda comics</subfield>
<subfield code="h">[electronic resource].</subfield>
</datafield>
<datafield tag="256" ind1=" " ind2=" ">
<subfield code="a">Electronic data.</subfield>
</datafield>
<datafield tag="260" ind1=" " ind2=" ">
<subfield code="a">[Durham, N.C.] :</subfield>
<subfield code="b">Duke University Libraries,</subfield>
<subfield code="c">2008.</subfield>
</datafield>
<datafield tag="538" ind1=" " ind2=" ">
<subfield code="a">Mode of access: World Wide Web.</subfield>
</datafield>
<datafield tag="500" ind1=" " ind2=" ">
<subfield code="a">Title from home page (viewed Apr. 19, 2009).</subfield>
</datafield>
<datafield tag="520" ind1=" " ind2=" ">
<subfield code="a">Three issues of the comic book series Vica by Vincent Krassousky produced in France during World War II. The Nazi-controlled government in German-occupied France produced the Vica comic during World War II as a propaganda tool against the Allied forces. The comics represent Nazi influence and perspective within French society. The three issues are Vica au Paradis de l'U.R.S.S, Vica contre le service secret anglais, and Vica défie l'Oncle Sam. The author, Vincent Krassousky (also known as Vica), disappeared in the late 1940s.</subfield>
</datafield>
<datafield tag="590" ind1=" " ind2=" ">
<subfield code="a">* ram 20090417</subfield>
</datafield>
<datafield tag="650" ind1=" " ind2="0">
<subfield code="a">Nazi propaganda.</subfield>
</datafield>
<datafield tag="650" ind1=" " ind2="0">
<subfield code="a">World War, 1939-1945</subfield>
<subfield code="x">Propaganda.</subfield>
</datafield>
<datafield tag="650" ind1=" " ind2="0">
<subfield code="a">Propaganda, French.</subfield>
</datafield>
<datafield tag="650" ind1=" " ind2="0">
<subfield code="a">Propaganda, Anti-American.</subfield>
</datafield>
<datafield tag="650" ind1=" " ind2="0">
<subfield code="a">Propaganda, Anti-British.</subfield>
</datafield>
<datafield tag="650" ind1=" " ind2="0">
<subfield code="a">Propaganda, Anti-Russian.</subfield>
</datafield>
<datafield tag="650" ind1=" " ind2="0">
<subfield code="a">Comic books, strips, etc.</subfield>
<subfield code="z">France.</subfield>
</datafield>
<datafield tag="650" ind1=" " ind2="0">
<subfield code="a">Comic books, strips, etc.</subfield>
<subfield code="x">Political aspects</subfield>
<subfield code="z">France.</subfield>
</datafield>
<datafield tag="651" ind1=" " ind2="0">
<subfield code="a">France</subfield>
<subfield code="x">History</subfield>
<subfield code="y">German occupation, 1940-1945</subfield>
<subfield code="v">Comic books, strips, etc.</subfield>
</datafield>
<datafield tag="710" ind1="2" ind2=" ">
<subfield code="a">Duke University.</subfield>
<subfield code="b">Library.</subfield>
</datafield>
<datafield tag="740" ind1="0" ind2="2">
<subfield code="a">Vica au Paradis de l'U.R.S.S.</subfield>
</datafield>
<datafield tag="740" ind1="0" ind2="2">
<subfield code="a">Vica contre le service secret anglais.</subfield>
</datafield>
<datafield tag="740" ind1="0" ind2="2">
<subfield code="a">Vica défie l'Oncle Sam.</subfield>
</datafield>
<datafield tag="856" ind1="4" ind2="0">
<subfield code="3">In Duke Digital Collections: http://library.duke.edu/digitalcollections/</subfield>
<subfield code="u">item_1</subfield>
</datafield>
<datafield tag="994" ind1=" " ind2=" ">
<subfield code="a">C0</subfield>
<subfield code="b">NDD</subfield>
</datafield>
</record>